<record><leader>00000cas a22000007a 4500</leader><controlfield tag="001">9880300</controlfield><controlfield tag="008">830906d18551863nyuwr ne      0    0eng d</controlfield><datafield ind1=" " ind2=" " tag="010"><subfield code="a">sn 83031466 </subfield></datafield><datafield ind1=" " ind2=" " tag="040"><subfield code="a">NPU</subfield><subfield code="b">eng</subfield><subfield code="c">NPU</subfield><subfield code="d">NPX</subfield><subfield code="d">NPH</subfield><subfield code="d">NYG</subfield><subfield code="d">NYS</subfield><subfield code="d">OCL</subfield><subfield code="d">OCLCF</subfield><subfield code="d">OCLCO</subfield></datafield><datafield ind1="1" ind2=" " tag="029"><subfield code="a">AU@</subfield><subfield code="b">000020227215</subfield></datafield><datafield ind1=" " ind2=" " tag="042"><subfield code="a">msc</subfield></datafield><datafield ind1="0" ind2=" " tag="130"><subfield code="a">Owego times (Owego, N.Y. : 1855)</subfield></datafield><datafield ind1="0" ind2="0" tag="245"><subfield code="a">Owego times.</subfield></datafield><datafield ind1=" " ind2=" " tag="260"><subfield code="a">Owego, Tioga County, N.Y. :</subfield><subfield code="b">William Smyth,</subfield></datafield><datafield ind1=" " ind2=" " tag="300"><subfield code="a">v. :</subfield><subfield code="b">ill. ;</subfield><subfield code="c">66-72 cm.</subfield></datafield><datafield ind1=" " ind2=" " tag="310"><subfield code="a">Weekly</subfield></datafield><datafield ind1="0" ind2=" " tag="362"><subfield code="a">Vol. 3, no. 1 (June 7, 1855)-v. 10, no. 31 (Jan. 8, 1863).</subfield></datafield><datafield ind1=" " ind2=" " tag="500"><subfield code="a">Published every Thursday</subfield></datafield><datafield ind1=" " ind2=" " tag="500"><subfield code="a">"Devoted to moral and social progress, politics, temperance, and constitutional freedom."</subfield></datafield><datafield ind1=" " ind2=" " tag="500"><subfield code="a">"Republican."</subfield></datafield><datafield ind1=" " ind2="0" tag="651"><subfield code="a">Owego (N.Y.)</subfield><subfield code="v">Newspapers.</subfield></datafield><datafield ind1=" " ind2="7" tag="655"><subfield code="a">Newspapers.</subfield><subfield code="2">fast</subfield><subfield code="0">(OCoLC)fst01423814</subfield></datafield><datafield ind1=" " ind2="7" tag="651"><subfield code="a">New York (State)</subfield><subfield code="z">Owego.</subfield><subfield code="2">fast</subfield><subfield code="0">(OCoLC)fst01213044</subfield></datafield><datafield ind1=" " ind2=" " tag="752"><subfield code="a">United States</subfield><subfield code="b">New York</subfield><subfield code="c">Tioga</subfield><subfield code="d">Owego.</subfield></datafield><datafield ind1="0" ind2="0" tag="780"><subfield code="t">Southern Tier times</subfield><subfield code="w">(DLC)sn 90066110</subfield><subfield code="w">(OCoLC)22038573</subfield></datafield><datafield ind1="0" ind2="0" tag="785"><subfield code="t">Owego weekly times</subfield><subfield code="w">(DLC)sn 90066441</subfield><subfield code="w">(OCoLC)22051442</subfield></datafield></record>